@book{cormen12,
    title={Algoritmos: Teoria e Pr√°tica},
    author={Cormen, T. and Leiserson, C and Rivest, R. and Stein, C.},
    publisher={Elsevier},
    year={2012},
    edition={3},
}

@book{kleinberg05,
    title={Algorithm Design},
    author={Kleinberg, J. and Tardos, E.},
    year={2005},
    publisher={Addison-Wesley},
    edition={1},
}

@book{ziviani10,
    title={Projeto de Algoritmos Com Implementacoes em Pascal e C},
    author={Nivio Ziviani},
    publisher={Cengage CTP},
    year={2010},
    edition={3},
}